% Encoding: UTF-8

@book{Pmi2008,
  	author		={PMI, Inc.},
  	title		={Um Guia do Conjunto de Conhecimentos em Gerenciamento de Projetos (Guia PMBOK{\textregistered}). Em portuguÃªs},
  	edition		={4},
  	journal		={Project Management Institute, Inc. EUA. Vers{\~a}o em Pdf para associado PMI},
  	year		={2008}
}
@article{Kahale2008,
	author 		= "N. Kahale and R. Urbanke",
	title 		= "On the Minimum Distance of Parallel and Serially Concatenated Codes",
	journal 	= IEEE_J_IT,
	year 		= 2008
}
